@PhdThesis{Arn18,
    Title       =   {Reductions to {IID} in Device-independent Quantum Information Processing},
    Author      =   {Rotem Arnon{-}Friedman},
    School      =   {ETH Zurich},
    Year        =   {2018},
    DOI         =   {10.3929/ethz-b-000298420},
}

@Article{AMPS16,
    Title       =   {Device-independent bit commitment based on the {CHSH} inequality},
    Author      =   {Aharon, Nati and Massar, Serge and Pironio, Stefano and Silman, Jonathan},
    Journal     =   {New Journal of Physics},
    Year        =   {2016},
    Pages       =   {25014},
    Volume      =   {18},
    Doi         =   {10.1088/1367-2630/18/2/025014},
    Issue       =   {2},
    Publisher   =   {IOP Publishing},
}

@InProceedings{DFSS06,
    Title       =   {Oblivious Transfer and Linear Functions},
    Author      =   {Ivan Damg{\aa}rd and Serge Fehr and Louis Salvail and Christian Schaffner},
    Booktitle   =   crypto2006,
    Volume      =   {4117},
    Year        =   {2006},
    Pages       =   {427-444},
    Doi         =   {10.1007/11818175_26},
    Journal     =   {Advances in Cryptology -- CRYPTO 2006},
}

@Article{KW16,
    Title       =   {Device-independent two-party cryptography secure against sequential attacks},
    Author      =   {Kaniewski, J{\k{e}}drzej and Wehner, Stephanie},
    Journal     =   {New Journal of Physics},
    Year        =   {2016},
    Pages       =   {55004},
    Volume      =   {18},
    Doi         =   {10.1088/1367-2630/18/5/055004},
    Number      =   {5},
    Publisher   =   {IOP Publishing},
}

@Article{LH19,
    Title       =   {Universally composable oblivious transfer from ideal lattice},
    Author      =   {Liu, Momeng and Hu, Yupu},
    Journal     =   {Frontiers of Computer Science},
    Year        =   {2019},
    Pages       =   {879-906},
    Volume      =   {13},
    Doi         =   {10.1007/s11704-018-6507-4},
    Number      =   {4},
    Publisher   =   {Beijing: Higher Education Press},
}

@Misc{MDCA20arxiv,
    Title       =   {Device-independent quantum key distribution from computational assumptions},
    Author      =   {Metger, Tony and Dulek, Yfke and Coladangelo, Andrea and Arnon{-}Friedman, Rotem},
    Year        =   {2020},
    Arxivid     =   {2010.04175},
}

@Article{MV21,
    Title       =   {Self-testing of a single quantum device under computational assumptions},
    Author      =   {Metger, Tony and Vidick, Thomas},
    Journal     =   {Quantum},
    Year        =   {2021},
    Pages       =   {544},
    Volume      =   {5},
    Doi         =   {10.22331/q-2021-09-16-544},
    Eprint      =   {2001.09161v3},
}

@InProceedings{PVW08,
    Title       =   {A Framework for Efficient and Composable Oblivious Transfer},
    Author      =   {Chris Peikert and Vinod Vaikuntanathan and Brent Waters},
    Booktitle   =   crypto2008,
    Year        =   {2008},
    Pages       =   {554-571},
    Volume      =   {5157},
    Doi         =   {10.1007/978-3-540-85174-5_31},
    Journal     =   {Advances in Cryptology -- CRYPTO 2008}
}

@Article{RTK+18,
    Title       =   {Device-independence for two-party cryptography and position verification with memoryless devices},
    Author      =   {Ribeiro, J\'{e}r\'{e}my and Thinh, Le Phuc and Kaniewski, J\k{e}drzej and Helsen, Jonas and Wehner, Stephanie},
    Journal     =   {Physical Review A},
    Year        =   {2018},
    Pages       =   {062307},
    Volume      =   {97},
    Doi         =   {10.1103/PhysRevA.97.062307},
    Number      =   {6},
}

@InProceedings{RW04,
    Title       =   {Smooth {R}\'{e}nyi Entropy and Applications},
    Author      =   {Renato Renner and Stefan Wolf},
    Booktitle   =   {IEEE International Symposium on Information Theory --- ISIT 2004},
    Year        =   {2004},
    Pages       =   {233},
    Publisher   =   {IEEE},
    Doi         =   {10.1109/ISIT.2004.1365269},
}

@InProceedings{RW05,
    Title       =   {Simple and Tight Bounds for Information Reconciliation and Privacy Amplification},
    Author      =   {Renato Renner and Stefan Wolf},
    Booktitle   =   asiacrypt05,
    Year        =   {2005},
    Volume      =   {3788},
    Pages       =   {199-216},
    Doi         =   {10.1007/11593447_11},
    Journal     =   {Advances in Cryptology -- ASIACRYPT 2005},
}

@Misc{RW20arxiv,
    Title       =   {On Bit Commitment and Oblivious Transfer in Measurement-Device Independent settings},
    Author      =   {Ribeiro, J\'{e}r\'{e}my and Wehner, Stephanie},
    Year        =   {2020},
    Arxivid     =   {2004.10515},
}

@Article{SCA+11,
    Title       =   {Fully Distrustful Quantum Bit Commitment and Coin Flipping},
    Author      =   {Silman, Jonathan and Chailloux, Andr\'{e} and Aharon, Nati and Kerenidis, Iordanis and Pironio, Stefano and Massar, Serge},
    Journal     =   phyrevl,
    Year        =   {2011},
    Pages       =   {220501},
    Volume      =   {106},
    Number      =   {22},
    Numpages    =   {4},
    Doi         =   {10.1103/PhysRevLett.106.220501},
    Publisher   =   {APS},
}